00584cas a22002171a 4500
001 999251343502836
003 Nz
005 20161223153624.0
008 031213m1894uuuunz  r ne      0   0 eng d
035    $a (Nz)8123578
035    $a (NLNZils)925134
035    $a (NLNZils)925134-ilsdb
035    $a (OCoLC)173420218
040    $a WN $c WN
042    $a nznb
043    $a u-nz---
245 00 $a Argus and Newtown chronicle.
260    $a [Wellington, N.Z. : $b s.n., $c 1894-?]
362 0  $a 1894 Aug.10-?
651  0 $a Newtown (Wellington, N.Z.) $v Newspapers.
655  7 $a New Zealand newspapers. $2 local $5 Nz
